%% LaTeX2e file `letter.bib'
%% generated by the `filecontents' environment
%% from source `cover_letter_Lawless_varRisEst' on 2025/07/01.
%%
@article{hardy1908,
  author  = {G. H. Hardy},
  title   = {Mendelian Proportions in a Mixed Population},
  journal = {Science},
  year    = {1908},
  volume  = {28},
  number  = {706},
  pages   = {49--50},
  doi     = {10.1126/science.28.706.49}
}
@article{weinberg1908,
  author  = {W. Weinberg},
  title   = {Über den Nachweis der Vererbung beim Menschen},
  journal = {Jahreshefte des Vereins für vaterländische Naturkunde in Württemberg},
  year    = {1908},
  volume  = {64},
  pages   = {368--382}
}
