%% LaTeX2e file `references.bib'
%% generated by the `filecontents' environment
%% from source `cover_letter_Lawless_varRisEst' on 2025/07/01.
%%
@article{hardy1908,
  author = {G. H. Hardy},
  title = {Mendelian Proportions in a Mixed Population},
  journal = {Science},
  volume = {28},
  number = {706},
  pages = {49-50},
  year = {1908},
  doi = {10.1126/science.28.706.49},
  url = {https://www.science.org/doi/abs/10.1126/science.28.706.49}
}
